<?xml version="1.0" encoding="UTF-8"?><collection xmlns="http://www.loc.gov/MARC21/slim"><record><leader>00598nam--2200181-i-4500</leader><controlfield tag="001">000041209</controlfield><controlfield tag="002">20161230</controlfield><controlfield tag="005">20161230201043</controlfield><controlfield tag="008">060222s1000------------r-----000-0-rum-d</controlfield><datafield ind1=" " ind2=" " tag="040"><subfield code="a">IFIN-HH</subfield></datafield><datafield ind1=" " ind2=" " tag="041"><subfield code="a">rum</subfield></datafield><datafield ind1=" " ind2=" " tag="080"><subfield code="a">531/539.2(061.3)</subfield></datafield><datafield ind1="1" ind2=" " tag="110"><subfield code="a">Institutul De Fizica Si Tehnologia Materialelor</subfield></datafield><datafield ind1="1" ind2="0" tag="245"><subfield code="a">Al vi-lea seminar de lucru de fizica starii condensare, materiale, dispozitive si mecanica solidelor</subfield><subfield code="b">20-22 februarie 1989</subfield></datafield><datafield ind1=" " ind2=" " tag="260"><subfield code="a">Bucuresti</subfield><subfield code="b">Institutul De Fizica Si Tehnologia Materialelor</subfield><subfield code="c">1989</subfield></datafield><datafield ind1=" " ind2=" " tag="300"><subfield code="a">52 P</subfield></datafield><datafield ind1=" " ind2=" " tag="852"><subfield code="a">74959</subfield><subfield code="c">539.2</subfield></datafield><datafield ind1=" " ind2=" " tag="CAT"><subfield code="a">Sys</subfield><subfield code="c">20121112</subfield><subfield code="h">164418</subfield></datafield></record></collection>